@INPROCEEDINGS{9052140,
  author={Medina, Roberto and Cucu-Grosjean, Liliana},
  booktitle={2019 IEEE Real-Time Systems Symposium (RTSS)}, 
  title={Work-in-Progress: Probabilistic System-Wide DVFS for Real-Time Embedded Systems}, 
  year={2019},
  volume={},
  number={},
  pages={508-511},
  doi={10.1109/RTSS46320.2019.00051}}


@article{article,
author = {Khan, Jabran and Bilavarn, Sebastien and Belleudy, CÃ©cile},
year = {2012},
month = {06},
pages = {},
title = {Energy analysis of a DVFS based power strategy on ARM platforms},
doi = {10.1109/FTFC.2012.6231734}
}

@INPROCEEDINGS{9680455,
  author={Liu, Siqin and Karanth, Avinash},
  booktitle={2021 IEEE 28th International Conference on High Performance Computing, Data, and Analytics (HiPC)}, 
  title={Dynamic Voltage and Frequency Scaling to Improve Energy-Efficiency of Hardware Accelerators}, 
  year={2021},
  volume={},
  number={},
  pages={232-241},
  doi={10.1109/HiPC53243.2021.00037}}

@ARTICLE{6352933,
  author={Kahng, Andrew B. and Kang, Seokhyeong and Kumar, Rakesh and Sartori, John},
  journal={IEEE Transactions on Very Large Scale Integration (VLSI) Systems}, 
  title={Enhancing the Efficiency of Energy-Constrained DVFS Designs}, 
  year={2013},
  volume={21},
  number={10},
  pages={1769-1782},
  doi={10.1109/TVLSI.2012.2219084}}


